@misc{cite0,
	author = {MongoDB Documentation},
    howpublished = {\url{https://docs.mongodb.com/}}
}
@misc{cite1,
	author = {Article: Building A CRUD App With NodeJS - ExpressJS and MongoDB},
    howpublished = {\url{https://medium.com/@myac.abhijit/6e96d13edae7/}}
}
@misc{cite2,
    author = {Unix & Linux Stack Exchangew},
   	howpublished = {\url{https://unix.stackexchange.com/}}
}

@misc{cite3,
    author = {Official Ubuntu},
   	howpublished = {\url{https://help.ubuntu.com/}}
}
