@misc{cite0,
	author = {Scala Documentation},
    howpublished = {\url{https://docs.scala-lang.org/}}
}
@misc{cite1,
	author = {Apache Spark Documentation},
    howpublished = {\url{https://spark.apache.org/docs/latest/}}
}
@misc{cite2,
    author = {StackOverflow},
   	howpublished = {\url{https://stackoverflow.com/}}
}

@misc{cite3,
    author = {Official Ubuntu Docker },
   	howpublished = {\url{https://help.ubuntu.com/}}
}

@misc{cite4,
    author = {Apache Spark Docker Docs},
   	howpublished = {\url{https://spark.apache.org/docs/latest/structured-streaming-programming-guide.html}}
}

@misc{cite5,
    author = {Spark Streaming with Elasticsearch Docs},
   	howpublished = {\url{https://blog.knoldus.com/spark-structured-streaming-with-elasticsearch/}}
}

@misc{cite6,
    author = {Elasticsearch Docs},
   	howpublished = {\url{https://www.elastic.co/guide/en/kibana/index.html}}
}

@misc{cite7,
    author = {Docker Docs},
   	howpublished = {\url{https://docs.docker.com/compose/}}
}