@misc{cite0,
	author = {Apache HBase Documentation},
    howpublished = {\url{https://hbase.apache.org/book.html}}
}
@misc{cite1,
	author = {Apache Spark Documentation},
    howpublished = {\url{https://spark.apache.org/docs/latest/}}
}
@misc{cite2,
    author = {Unix & Linux Stack Exchangew},
   	howpublished = {\url{https://unix.stackexchange.com/}}
}

@misc{cite3,
    author = {Official Ubuntu},
   	howpublished = {\url{https://help.ubuntu.com/}}
}
