@misc{cite0,
	author = {OpenStack Victoria},
    howpublished = {\url{https://www.server-world.info/en/note?os=CentOS_8&p=openstack_victoria&f=1}}
}
@misc{cite1,
	author = {OpenStack Documentation},
    howpublished = {\url{https://docs.openstack.org/xena/}}
}
@misc{cite2,
    author = {StackOverflow},
   	howpublished = {\url{https://stackoverflow.com/}}
}
@misc{cite3,
    author = {Website or Article},
   	howpublished = {\url{url}}
}
@misc{cite4,
    author = {VNC Intallation},
   	howpublished = {\url{https://www.linuxtechi.com/install-configure-vnc-server-centos8/}}
}
