@misc{cite0,
	author = {Apache Hadoop Documentation},
    howpublished = {\url{https://hadoop.apache.org/docs/r3.3.1/}}
}
@misc{cite1,
	author = {Apache Spark Documentation},
    howpublished = {\url{https://spark.apache.org/docs/latest/}}
}
@misc{cite2,
    author = {StackOverflow},
   	howpublished = {\url{https://stackoverflow.com/}}
}

@misc{cite3,
    author = {Official Ubuntu},
   	howpublished = {\url{https://help.ubuntu.com/}}
}
